<record><leader>00000cas a22000007a 4500</leader><controlfield tag="001">10016659</controlfield><controlfield tag="008">831015d186518uunyuwr ne      0    0eng d</controlfield><datafield ind1=" " ind2=" " tag="010"><subfield code="a">sn 83031888 </subfield></datafield><datafield ind1=" " ind2=" " tag="040"><subfield code="a">NPU</subfield><subfield code="b">eng</subfield><subfield code="c">NPU</subfield><subfield code="d">NPX</subfield><subfield code="d">NYS</subfield><subfield code="d">OCLCQ</subfield></datafield><datafield ind1=" " ind2=" " tag="042"><subfield code="a">msc</subfield></datafield><datafield ind1="0" ind2="0" tag="245"><subfield code="a">Randolph weekly register.</subfield></datafield><datafield ind1="1" ind2="3" tag="246"><subfield code="a">Randolph register</subfield></datafield><datafield ind1=" " ind2=" " tag="260"><subfield code="a">Randolph, N.Y. :</subfield><subfield code="b">W.A. Shewman</subfield></datafield><datafield ind1=" " ind2=" " tag="300"><subfield code="a">v. ;</subfield><subfield code="c">61 cm.</subfield></datafield><datafield ind1=" " ind2=" " tag="310"><subfield code="a">Weekly</subfield></datafield><datafield ind1="1" ind2=" " tag="362"><subfield code="a">Began in 1865.</subfield><subfield code="z">Cf. Gregory, W. Amer. newspapers.</subfield></datafield><datafield ind1=" " ind2=" " tag="500"><subfield code="a">Publishers: W.A. Shewman, &lt;1873&gt;; F.J. &amp; D.D. Lockwood, &lt;1876&gt;.</subfield></datafield><datafield ind1=" " ind2=" " tag="500"><subfield code="a">Editor: Frank J. Lockwood, &lt;1876&gt;.</subfield></datafield><datafield ind1=" " ind2=" " tag="500"><subfield code="a">"Republican."</subfield></datafield><datafield ind1=" " ind2=" " tag="588"><subfield code="a">Description based on: Vol. 8, no. 15 (Jan. 15, 1873).</subfield></datafield><datafield ind1=" " ind2="4" tag="651"><subfield code="a">Randolph (N.Y.)</subfield><subfield code="v">Newspapers.</subfield></datafield><datafield ind1=" " ind2="4" tag="651"><subfield code="a">Cattaraugus County (N.Y.)</subfield><subfield code="v">Newspapers.</subfield></datafield><datafield ind1=" " ind2=" " tag="752"><subfield code="a">United States</subfield><subfield code="b">New York</subfield><subfield code="c">Cattaraugus</subfield><subfield code="d">Randolph.</subfield></datafield><datafield ind1="0" ind2="0" tag="780"><subfield code="t">Rural city budget</subfield></datafield><datafield ind1="0" ind2="0" tag="785"><subfield code="t">Randolph register (Randolph, N.Y. : 1881)</subfield><subfield code="w">(DLC)sn 92062083</subfield></datafield><datafield ind1="1" ind2=" " tag="029"><subfield code="a">AU@</subfield><subfield code="b">000024692340</subfield></datafield></record>